
@online{bartkowski_deliberative_2019,
	title = {Deliberative Monetary Valuation},
	url = {https://oxfordre.com/environmentalscience/view/10.1093/acrefore/9780199389414.001.0001/acrefore-9780199389414-e-595},
	abstract = {"Deliberative Monetary Valuation" published on  by Oxford University Press.},
	titleaddon = {Oxford Research Encyclopedia of Environmental Science},
	author = {Bartkowski, Bartosz and Lienhoop, Nele},
	urldate = {2020-05-01},
	date = {2019},
year = {2019},
	langid = {english},
	doi = {10.1093/acrefore/9780199389414.013.595},
	note = {{ISBN}: 9780199389414
Library Catalog: oxfordre.com}
}

@article{schaafsma_guidance_2018,
	title = {Guidance for Deliberative Monetary Valuation Studies},
	volume = {12},
	issn = {1932-1465, 1932-1473},
	url = {https://www.nowpublishers.com/article/Details/IRERE-0103},
	doi = {10.1561/101.00000103},
	abstract = {Guidance for Deliberative Monetary Valuation Studies},
	pages = {267--323},
	number = {2},
	journaltitle = {International Review of Environmental and Resource Economics},
	shortjournal = {{IRERE}},
	author = {Schaafsma, Marije and Bartkowski, Bartosz and Lienhoop, Nele},
	urldate = {2020-05-01},
	date = {2018},
year = {2018},
	note = {Publisher: Now Publishers, Inc.}
}

@article{murphy_comparing_2017,
	title = {Comparing group deliberation to other forms of preference aggregation in valuing ecosystem services},
	volume = {22},
	rights = {Â© 2017 by the author(s)},
	issn = {1708-3087},
	url = {https://www.ecologyandsociety.org/vol22/iss4/art17/},
	doi = {10.5751/ES-09519-220417},
	abstract = {Murphy, M., G. Mavrommati, V. R. Mallampalli, R. B. Howarth, and M. E. Borsuk. 2017. Comparing group deliberation to other forms of preference aggregation in valuing ecosystem services. Ecology and Society 22(4):17. https://doi.org/10.5751/{ES}-09519-220417},
	number = {4},
	journaltitle = {Ecology and Society},
	author = {Murphy, Mackenzie and Mavrommati, Georgia and Mallampalli, Varun and Howarth, Richard and Borsuk, Mark},
	urldate = {2020-05-01},
	date = {2017},
year = {2017},
	langid = {english},
	note = {Publisher: The Resilience Alliance}
}