@article{cailloux_formal_2019,
	title = {A formal framework for deliberated judgment},
	issn = {1573-7187},
	doi = {10.1007/s11238-019-09722-7},
	journal = {Theory and Decision},
	author = {Cailloux, Olivier and Meinard, Yves},
	month = oct,
	year = {2019},
	keywords = {Decision analysis, Methodology, Empirical validation, Justification}
}

